@article{Wa-Gu-Ya-Li-15,
  author    = {J.-P. Wang and Q. Guo and G.-Y. Yang and J.-G. Liu},
  title     = {Improved knowledge diffusion model based on the collaboration hypernetwork},
  journal   = {Physica A: Statistical Mechanics and its Applications},
  volume    = {428},
  pages     = {250--256},
  month     = {Jun},
  year      = {2015},
  doi       = {10.1016/j.physa.2015.01.062}
}

@article{Kl-14,
  author    = {T. Klarl},
  title     = {Knowledge diffusion and knowledge transfer revisited: two sides of the medal},
  journal   = {J Evol Econ},
  volume    = {24},
  number    = {4},
  pages     = {737--760},
  month     = {Sep},
  year      = {2014},
  doi       = {10.1007/s00191-013-0319-3}
}

@book{No-98,
  author    = {I. Nonaka},
  title     = {The Knowledge-Creating Company},
  booktitle = {The Economic Impact of Knowledge},
  publisher = {Elsevier},
  year      = {1998},
  pages     = {175--187},
  doi       = {10.1016/B978-0-7506-7009-8.50016-1}
}

@article{Al-Ha-08,
  author    = {R. Seidler-de Alwis and E. Hartmann},
  title     = {The use of tacit knowledge within innovative companies: knowledge management in innovative enterprises},
  journal   = {Journal of Knowledge Management},
  volume    = {12},
  number    = {1},
  pages     = {133--147},
  month     = {Feb},
  year      = {2008},
  doi       = {10.1108/13673270810852449}
}

@article{Mo-16,
  author    = {H. K. Mohajan},
  title     = {Sharing of Tacit Knowledge in Organizations: A Review},
  journal   = {American Journal of Computer Science and Engineering},
  volume    = {3},
  number    = {2},
  pages     = {6--19},
  month     = {Jul},
  year      = {2016}
}

@book{Ga-Th-14,
  author    = {N. Gascoigne and T. Thornton},
  title     = {Tacit Knowledge},
  edition   = {0},
  publisher = {Routledge},
  year      = {2014},
  doi       = {10.4324/9781315729886}
}

@misc{Pa-08,
  author    = {Chaminda Pathirage and Professor Amaratunga and Richard Haigh},
  title     = {The role of tacit knowledge in the construction industry: towards a definition},
  month     = {Feb},
  year      = {2008}
}

@book{Ba-Fe-11,
  editor    = {H. Bathelt and M. P. Feldman and D. F. Kogler},
  title     = {Beyond territory: dynamic geographies of knowledge creation, diffusion, and innovation},
  series    = {Regions and cities},
  publisher = {Routledge},
  year      = {2011}
}

@incollection{Za-17,
  author    = {L. Zagzebski},
  title     = {What is Knowledge?},
  booktitle = {The Blackwell Guide to Epistemology},
  editor    = {J. Greco and E. Sosa},
  edition   = {1},
  publisher = {Wiley},
  year      = {2017},
  pages     = {92--116},
  doi       = {10.1002/9781405164863.ch3}
}

@incollection{Mo-Ta-09,
  author    = {P. Morone and R. Taylor},
  title     = {Knowledge Architecture and Knowledge Flows},
  booktitle = {Encyclopedia of Information Science and Technology, Second Edition},
  editor    = {M. Khosrow-Pour, D.B.A.},
  publisher = {IGI Global},
  year      = {2009},
  pages     = {2319--2324},
  doi       = {10.4018/978-1-60566-026-4.ch367}
}

@article{Kl-14,
  author    = {T. Klarl},
  title     = {Knowledge diffusion and knowledge transfer revisited: two sides of the medal},
  journal   = {J Evol Econ},
  volume    = {24},
  number    = {4},
  pages     = {737--760},
  month     = {Sep},
  year      = {2014},
  doi       = {10.1007/s00191-013-0319-3}
}

@article{Bo-Ga-Hi-08,
  author    = {T. Boone and R. Ganeshan and R. L. Hicks},
  title     = {Learning and Knowledge Depreciation in Professional Services},
  journal   = {Management Science},
  volume    = {54},
  number    = {7},
  pages     = {1231--1236},
  month     = {Jul},
  year      = {2008},
  doi       = {10.1287/mnsc.1070.0849}
}

@incollection{Gr-Ne-13,
  author    = {A. Grubler and G. F. Nemet},
  title     = {Sources and Consequences of Knowledge Depreciation},
  booktitle = {Energy Technology Innovation},
  editor    = {A. Grubler and C. Wilson},
  edition   = {1},
  publisher = {Cambridge University Press},
  year      = {2013},
  pages     = {133--145},
  doi       = {10.1017/CBO9781139150880.014}
}

@article{Fr-Oo-Ve-07,
  author    = {K. Frenken and F. Van Oort and T. Verburg},
  title     = {Related Variety, Unrelated Variety and Regional Economic Growth},
  journal   = {Regional Studies},
  volume    = {41},
  number    = {5},
  pages     = {685--697},
  month     = {Jul},
  year      = {2007},
  doi       = {10.1080/00343400601120296}
}

@article{Lo-Br-08,
  author    = {H. L\"{o}\"{o}f and A. Brostr\"{o}m},
  title     = {Does knowledge diffusion between university and industry increase innovativeness?},
  journal   = {J Technol Transfer},
  volume    = {33},
  number    = {1},
  pages     = {73--90},
  month     = {Feb},
  year      = {2008},
  doi       = {10.1007/s10961-006-9001-3}
}

@article{So-Fl-04,
  author    = {O. Sorenson and L. Fleming},
  title     = {Science and the diffusion of knowledge},
  journal   = {Research Policy},
  volume    = {33},
  number    = {10},
  pages     = {1615--1634},
  month     = {Dec},
  year      = {2004},
  doi       = {10.1016/j.respol.2004.09.008}
}

@misc{Ac-An-Va-02,
  author    = {Z. J. Acs and L. Anselin and A. Varga},
  title     = {Patents and innovation counts as measures of regional production of new knowledge},
  year      = {2002}
}

@misc{Ve-Sc-00,
  author    = {B. Verspagen and W. Schoenmakers},
  title     = {The spatial dimension of knowledge spillovers in Europe: evidence from firm patenting data},
  month     = {Apr},
  year      = {2000}
}

@online{UPRP-pat-prd,
  author       = {{Oficjalna Strona Urządu Patentowego Rzeczypospolitej Polskiej}},
  title        = {Procedura krajowa},
  year         = 2025,
  url          = {https://uprp.gov.pl/pl/przedmioty-ochrony/wynalazki-i-wzory-uzytkowe/wynalazki-i-wzory-uzytkowe-procedura-krajowa}
}

@online{UPRP-dict,
  author       = {{Oficjalna Strona Urządu Patentowego Rzeczypospolitej Polskiej}},
  title        = {Słownik terminów},
  year         = 2025,
  url          = {https://uprp.gov.pl/pl/slownik-terminow}
}